<record><leader>00000cas a2200000 a 4500</leader><controlfield tag="001">11659261</controlfield><controlfield tag="008">850205d18911895ksuwr ne      0   a0eng d</controlfield><datafield ind1=" " ind2=" " tag="010"><subfield code="a">sn 85030882 </subfield></datafield><datafield ind1=" " ind2=" " tag="040"><subfield code="a">KSH</subfield><subfield code="b">eng</subfield><subfield code="c">KSH</subfield><subfield code="d">NPT</subfield><subfield code="d">OCL</subfield><subfield code="d">OCLCQ</subfield></datafield><datafield ind1=" " ind2=" " tag="042"><subfield code="a">msc</subfield></datafield><datafield ind1="0" ind2=" " tag="130"><subfield code="a">Republican banner (Greensburg, Kan.)</subfield></datafield><datafield ind1="1" ind2="4" tag="245"><subfield code="a">The republican banner.</subfield></datafield><datafield ind1=" " ind2=" " tag="260"><subfield code="a">Greensburg, Kan. :</subfield><subfield code="b">[s.n.],</subfield><subfield code="c">-1895.</subfield></datafield><datafield ind1=" " ind2=" " tag="300"><subfield code="a">v. :</subfield><subfield code="b">ill. ;</subfield><subfield code="c">52-60 cm.</subfield></datafield><datafield ind1=" " ind2=" " tag="310"><subfield code="a">Weekly</subfield></datafield><datafield ind1="0" ind2=" " tag="362"><subfield code="a">-v. 4, no. 51 (Feb. 22, 1895).</subfield></datafield><datafield ind1="1" ind2=" " tag="362"><subfield code="a">Began in 1891.</subfield></datafield><datafield ind1=" " ind2=" " tag="500"><subfield code="a">Published by M.M. Lee &amp; J.D. Beck, Jan. 20, 1893-Feb. 22, 1895.</subfield></datafield><datafield ind1=" " ind2=" " tag="588"><subfield code="a">Description based on: Vol. 1, no. 3 (Apr. 24, 1891).</subfield></datafield><datafield ind1=" " ind2=" " tag="752"><subfield code="a">United States</subfield><subfield code="b">Kansas</subfield><subfield code="c">Kiowa</subfield><subfield code="d">Greensburg.</subfield></datafield><datafield ind1="0" ind2="4" tag="785"><subfield code="t">Kiowa County times</subfield><subfield code="w">(DLC)sn 85030887</subfield></datafield></record>